<record xmlns='http://www.loc.gov/MARC21/slim'
><leader
  >02097ntm a2200301Ii 4500</leader
  ><controlfield tag='001'
  >991058310383606011</controlfield
  ><controlfield tag='005'
  >20220527140719.0</controlfield
  ><controlfield tag='008'
  >220525q16001799xx            000 0 eng d</controlfield
  ><datafield ind1=' ' ind2=' ' tag='035'
  ><subfield code='a'
    >(OCoLC)1319877392h</subfield
    ></datafield
  ><datafield ind1=' ' ind2=' ' tag='035'
  ><subfield code='a'
    >(OCoLC)on1319877392h</subfield
    ></datafield
  ><datafield ind1=' ' ind2=' ' tag='040'
  ><subfield code='a'
    >HRH</subfield
    ><subfield code='b'
    >eng</subfield
    ><subfield code='e'
    >dcrmmss</subfield
    ><subfield code='c'
    >HRH</subfield
    ></datafield
  ><datafield ind1=' ' ind2=' ' tag='041'
  ><subfield code='a'
    >lat</subfield
    ></datafield
  ><datafield ind1=' ' ind2=' ' tag='049'
  ><subfield code='a'
    >HRHH</subfield
    ></datafield
  ><datafield ind1=' ' ind2='9' tag='099'
  ><subfield code='a'
    >MS 3327, Container 97</subfield
    ></datafield
  ><datafield ind1='0' ind2='0' tag='245'
  ><subfield code='a'
    >Axiomata, adagia, et dicteria juris :</subfield
    ><subfield code='k'
    >manuscript.</subfield
    ></datafield
  ><datafield ind1=' ' ind2=' ' tag='260'
  ><subfield code='a'
    >Place of production unknown ;</subfield
    ><subfield code='c'
    >17th or 18th century?</subfield
    ></datafield
  ><datafield ind1=' ' ind2=' ' tag='300'
  ><subfield code='a'
    >439 leaves :</subfield
    ><subfield code='b'
    >paper,</subfield
    ><subfield code='c'
    >27 x 20 cm</subfield
    ></datafield
  ><datafield ind1=' ' ind2=' ' tag='336'
  ><subfield code='a'
    >text</subfield
    ><subfield code='b'
    >txt</subfield
    ><subfield code='2'
    >rdacontent</subfield
    ></datafield
  ><datafield ind1=' ' ind2=' ' tag='337'
  ><subfield code='a'
    >unmediated</subfield
    ><subfield code='b'
    >n</subfield
    ><subfield code='2'
    >rdamedia</subfield
    ></datafield
  ><datafield ind1=' ' ind2=' ' tag='338'
  ><subfield code='a'
    >volume</subfield
    ><subfield code='b'
    >nc</subfield
    ><subfield code='2'
    >rdacarrier</subfield
    ></datafield
  ><datafield ind1=' ' ind2=' ' tag='506'
  ><subfield code='a'
    >Use: Unrestricted, for either reading room or classroom use</subfield
    ></datafield
  ><datafield ind1=' ' ind2=' ' tag='500'
  ><subfield code='a'
    >Contents include:1. fol. i-x: ten added leaves headed Axiomata, adagia, et dicteria juris;2. fol. xi recto to xii recto: alphabetical index of words with folio numbers for each entry;3. fol. xiii recto: unidentified; verso is blank;4. fol. 1r-424r: encyclopedia;5. fol. 425r-426r: addition headed Iuris pro Cont[rabasem?]</subfield
    ></datafield
  ><datafield ind1=' ' ind2=' ' tag='520'
  ><subfield code='a'
    >The text cites a confirmation by Benedict XIV written 23 May 1749 (fol. xiii recto), but this may have been added.</subfield
    ></datafield
  ><datafield ind1=' ' ind2=' ' tag='590'
  ><subfield code='a'
    >MS 3327, Container 97: Legal encyclopedia of 278 terms arranged alphabetically from Abigeus to Vox, with an entry for Querela added at the end. Binding: Full limp parchment case fully lined with paper/paper board/paper sandwich. Straight caps, cut edges, spine lining with extensions (reused material (paper manuscript)), title in ink at head of spine. Sewn on three rolled parchment sewing supports laced through outer joints. Sewn endbands (pink/white) over rolled parchment core laced through outer joints. Endleaf components: front pastedown off-white handmade laid paper, remnant (affected by repair, including insertion of new, undersized first gathering); back pastedown off-white handmade laid paper. Repairs to sewing.</subfield
    ></datafield
  ><datafield ind1=' ' ind2='0' tag='650'
  ><subfield code='a'
    >Law.</subfield
    ></datafield
  ><datafield ind1='2' ind2=' ' tag='791'
  ><subfield code='a'
    >Medieval and Early Modern Manuscripts Collection.</subfield
    ></datafield
  ><datafield ind1='2' ind2=' ' tag='979'
  ><subfield code='a'
    >Medieval and Early Modern Manuscripts Collection.</subfield
    ></datafield
  ><datafield ind1=' ' ind2=' ' tag='994'
  ><subfield code='a'
    >C0</subfield
    ><subfield code='b'
    >HRH</subfield
    ></datafield
  ></record
>